% Â© Lilian Besson, 2016-2018, for a literature review on
% Non-Stationary Stochastic Multi-Armed Bandits
% https://perso.crans.org/besson/#research

@article{Thompson33,
    author =       {W. R. Thompson},
    title =        {{On the Likelihood that One Unknown Probability Exceeds Another in View of the Evidence of Two Samples}},
    journal =      {{Biometrika}},
    volume =       {25},
    year =         {1933}
}

@article{Wald45,
    author =       {A. Wald},
    title =        {{Some Generalizations of the Theory of Cumulative Sums of Random Variables}},
    year  =        {1945},
    publisher =    {Institute of Mathematical Statistics},
    volume =       {16},
    number =       {3},
    pages =        {287--293},
    journal =      {The Annals of Mathematical Statistics}
}

@article{KullbackLeibler51,
    title =        {{On Information and Sufficiency}},
    author =       {S. Kullback and R.A. Leibler},
    journal =      {The Annals of Mathematical Statistics},
    volume =       {22},
    number =       {1},
    pages =        {79--86},
    year =         {1951},
    publisher =    {JSTOR}
}

@article{Robbins52,
    title =        {{Some Aspects of the Sequential Design of Experiments}},
    author =       {H. Robbins},
    journal =      {{Bulletin of the American Mathematical Society}},
    pages =        {527--535},
    volume =       {58},
    number =       {5},
    year =         {1952}
}

@inproceedings{Abramson70,
    title =        {{The ALOHA System: Another Alternative for Computer Communications}},
    author =       {N. Abramson},
    booktitle =    {Joint Computer Conference},
    pages =        {281--285},
    year =         {1970},
    organization = {ACM}
}

@article{Roberts75,
    title =        {{ALOHA packet system with and without slots and capture}},
    author =       {L. G. Roberts},
    journal =      {SIGCOMM Computer Communication Review},
    volume =       {5},
    number =       {2},
    pages =        {28--42},
    year =         {1975},
    publisher =    {ACM}
}

@article{LaiRobbins85,
    author =       {T. L. Lai and H. Robbins},
    title =        {{Asymptotically Efficient Adaptive Allocation Rules}},
    journal =      {{Advances in Applied Mathematics}},
    year =         {1985},
    volume =       {6},
    number =       {1},
    pages =        {4--22}
}

% @article{Anantharam87b, title =        {{Asymptotically efficient allocation rules for the Multi-Armed Bandit problem with multiple plays - Part II: Markovian rewards}}, author =       {V. Anantharam and P. Varaiya and J. Walrand}, journal =      {{IEEE Transactions on Automatic Control}}, volume =       {32}, number =       {11}, pages =        {977--982}, year =         {1987}, }

@article{Anantharam87a,
    title =        {{Asymptotically efficient allocation rules for the Multi-Armed Bandit problem with multiple plays - Part I: IID rewards}},
    author =       {V. Anantharam and P. Varaiya and J. Walrand},
    journal =      {{IEEE Transactions on Automatic Control}},
    volume =       {32},
    number =       {11},
    pages =        {968--976},
    year =         {1987}
}

@article{Agrawal95,
    title =        {{Sample mean based index policies by $\mathcal{O}(\log n)$ regret for the Multi-Armed Bandit problem}},
    author =       {R. Agrawal},
    journal =      {{Advances in Applied Probability}},
    volume =       {27},
    number =       {04},
    pages =        {1054--1078},
    year =         {1995},
    publisher =    {{Cambridge University Press}}
}

@inproceedings{auer1995gambling,
    title =        {{Gambling in a Rigged Casino: The Adversarial Multi-Armed Bandit Problem}},
    author =       {P. Auer and N. Cesa-Bianchi and Y. Freund and R. Schapire},
    booktitle =    {Annual Symposium on Foundations of Computer Science},
    pages =        {322--331},
    year =         {1995},
    organization = {IEEE}
}

@article{Burnetas96,
    title =        {{Optimal Adaptive Policies for Sequential Allocation Problems}},
    author =       {A. N. Burnetas and M. N. Katehakis},
    journal =      {Advances in Applied Mathematics},
    volume =       {17},
    number =       {2},
    pages =        {122--142},
    year =         {1996},
    publisher =    {Elsevier}
}

@article{Mitola99,
    title =        {{Cognitive Radio: making software radios more personal}},
    author =       {J. Mitola and G. Q. Maguire},
    journal =      {{IEEE Personal Communications}},
    volume =       {6},
    number =       {4},
    pages =        {13--18},
    year =         {1999},
    publisher =    {IEEE}
}

@article{Auer02,
    author =       {P. Auer and N. Cesa-Bianchi and P. Fischer},
    title =        {{Finite-time Analysis of the Multi-armed Bandit Problem}},
    journal =      {Machine Learning},
    year =         {2002},
    volume =       {47},
    number =       {2},
    pages =        {235--256}
}

@article{Auer02NonStochastic,
    title =        {{The Nonstochastic Multiarmed Bandit Problem}},
    author =       {P. Auer and N. Cesa-Bianchi and Y. Freund and R. Schapire},
    journal =      {SIAM journal on computing},
    volume =       {32},
    number =       {1},
    pages =        {48--77},
    year =         {2002},
    publisher =    {SIAM}
}

@article{Haykin05,
    author =       {S. Haykin},
    journal =      {IEEE Journal on Selected Areas in Communications},
    title =        {{Cognitive Radio: Brain-Empowered Wireless Communications}},
    year =         {2005},
    volume =       {23},
    number =       {2},
    pages =        {201--220}
}

@book{CesaLugosi06,
    title =        {{Prediction, Learning, and Games}},
    author =       {N. Cesa-Bianchi and G. Lugosi},
    year =         {2006},
    publisher =    {{Cambridge University Press}}
}

@inproceedings{Hartland06,
    title =         {{Multi-Armed Bandit, Dynamic Environments and Meta-Bandits}},
    year =          {2006},
    author =        {C. Hartland and S. Gelly and N. Baskiotis and O. Teytaud and M. Sebag},
    booktitle = {NIPS 2006 Workshop, Online Trading Between Exploration And Exploitation}
}

@article{Zhao07,
    title =        {{A Survey of Dynamic Spectrum Access}},
    author =       {Q. Zhao and B. M. Sadler},
    journal =      {{IEEE Signal Processing magazine}},
    volume =       {24},
    number =       {3},
    pages =        {79--89},
    year =         {2007},
    publisher =    {IEEE}
}

@inproceedings{Liu08,
    title =        {{A Restless Bandit Formulation of Opportunistic Access: Indexablity and Index Policy}},
    author =       {K. Liu and Q. Zhao},
    booktitle =    {{IEEE Annual Communications Society Conference on Sensor, Mesh and Ad-Hoc Communications and Networks Workshops}},
    year =         {2008}
}

@inproceedings{Jouini09,
    title =        {{Multi-Armed Bandit Based Policies for Cognitive Radio's Decision Making Issues}},
    author =       {W. Jouini and D. Ernst and C. Moy and J. Palicot},
    booktitle =    {{International Conference Signals, Circuits and Systems}},
    year =         {2009},
    organization = {IEEE}
}

@inproceedings{Agarwal09explore,
    title =        {{Explore Exploit Schemes For Web Content Optimization}},
    author =       {D. Agarwal and B. Chen and P. Elango},
    booktitle =    {IEEE International Conference on Data Mining},
    year =         {2009},
    organization = {IEEE}
}

@inproceedings{Audibert2009minimax,
    title =        {{Minimax policies for adversarial and stochastic bandits}},
    author =       {J-Y. Audibert and S. Bubeck},
    booktitle =    {{Conference on Learning Theory}},
    pages =        {217--226},
    publisher =    {{PMLR}},
    year =         {2009}
}

@article{Zhao10,
    title =        {{Distributed learning in Multi-Armed Bandit with multiple players}},
    author =       {K. Liu and Q. Zhao},
    journal =      {IEEE Transaction on Signal Processing},
    volume =       {58},
    number =       {11},
    pages =        {5667--5681},
    year =         {2010}
}

@inproceedings{Anandkumar10,
    title =        {{Opportunistic Spectrum Access with multiple users: Learning under competition}},
    author =       {A. Anandkumar and N. Michael and A. K. Tang},
    booktitle =    {{IEEE INFOCOM}},
    year =         {2010}
}

@inproceedings{Jouini10,
    title =        {{Upper Confidence Bound Based Decision Making Strategies and Dynamic Spectrum Access}},
    author =       {W. Jouini and D. Ernst and C. Moy and J. Palicot},
    booktitle =    {{IEEE International Conference on Communications}},
    year =         {2010}
}

@inproceedings{Li10contextual,
    title =        {{A Contextual-Bandit Approach to Personalized News Article Recommendation}},
    author =       {L. Li and W. Chu and J. Langford and R. E. Schapire},
    booktitle =    {International Conference on World Wide Web},
    pages =        {661--670},
    year =         {2010},
    organization = {ACM}
}

@inproceedings{Honda10,
    title =        {{An Asymptotically Optimal Bandit Algorithm for Bounded Support Models}},
    author =       {J. Honda and A. Takemura},
    booktitle =    {{Conference on Learning Theory}},
    pages =        {67--79},
    publisher =    {{PMLR}},
    year =         {2010}
}

@article{Auer10,
    title =         {{UCB Revisited: Improved Regret Bounds For The Stochastic Multi-Armed Bandit Problem}},
    author =        {P. Auer and R. Ortner},
    journal =       {Periodica Mathematica Hungarica},
    volume =        {61},
    number =        {1-2},
    pages =         {55--65},
    year =          {2010},
    publisher =     {Akad{\'e}miai Kiad{\'o}}
}

@article{audibert2010minimax,
    title =         {{Regret Bounds And Minimax Policies Under Partial Monitoring}},
    author =        {J-Y. Audibert and S. Bubeck},
    journal =       {{Journal of Machine Learning Research}},
    volume =        {11},
    pages =         {2785--2836},
    year =          {2010}
}

@inproceedings{audibert2010best,
    title =         {{Best Arm Identification in Multi-Armed Bandits}},
    author =        {J-Y. Audibert and S. Bubeck and R. Munos},
    booktitle =     {{Conference on Learning Theory}},
    publisher =     {{PMLR}},
    pages =         {13--p},
    year =          {2010}
}

@article{Anandkumar11,
    title    =     {{Distributed Algorithms for Learning and Cognitive Medium Access with Logarithmic Regret}},
    author   =     {A. Anandkumar and N. Michael and A. K. Tang and S. Agrawal},
    journal  =     {IEEE Journal on Selected Areas in Communications},
    volume   =     {29},
    number   =     {4},
    pages    =     {731--745},
    year     =     {2011},
    publisher=     {IEEE}
}

@book{Bona11,
    title =        {{A Walk Through Combinatorics: an Introduction to Enumeration and Graph Theory}},
    author =       {M B{\'o}na},
    year =         {2011},
    publisher =    {World Scientific}
}

@article{Jouini12,
    title =        {{Decision Making for Cognitive Radio Equipment: Analysis of the First 10 Years of Exploration}},
    author =       {W. Jouini and C. Moy and J. Palicot},
    journal =      {{EURASIP Journal on Wireless Communications and Networking}},
    volume =       {2012},
    number =       {1},
    year =         {2012},
    publisher =    {Springer}
}

@inproceedings{AgrawalGoyal11,
    title =        {{Analysis of Thompson sampling for the Multi-Armed Bandit problem}},
    author =       {S. Agrawal and N. Goyal},
    booktitle =    {{Conference On Learning Theory}},
    publisher =    {{PMLR}},
    year =         {2012}
}

@inproceedings{Garivier11KL,
    title =        {{The KL-UCB Algorithm for Bounded Stochastic Bandits and Beyond}},
    author =       {A. Garivier and O. Capp{\'e}},
    booktitle =    {{Conference on Learning Theory}},
    publisher =    {{PMLR}},
    pages =        {359--376},
    year =         {2011}
}

@inproceedings{Garivier11UCBDiscount,
    title =        {{On Upper-Confidence Bound Policies For Switching Bandit Problems}},
    author =       {A. Garivier and E. Moulines},
    booktitle =    {{Algorithmic Learning Theory}},
    pages =        {174--188},
    year =         {2011},
    publisher =    {{PMLR}},
}

@article{KLUCBJournal,
    title =       {{Kullback-Leibler upper confidence bounds for optimal sequential allocation}},
    author =      {Capp{\'e}, O. and Garivier, A. and Maillard, O-A. and Munos, R. and Stoltz, G.},
    journal =     {Annals of Statistics},
    year =        {2013},
    pages =       {1516--1541},
    volume =      {41(3)}
}

@inproceedings{Kaufmann12BUCB,
    title =        {{On Bayesian Upper Confidence Bounds for Bandit Problems}},
    author =       {E. Kaufmann and O. Capp{\'e} and A. Garivier},
    booktitle =    {{AISTATS}},
    pages =        {592--600},
    year =         {2012}
}

@inbook{Kaufmann12Thompson,
    title =        {{Thompson Sampling: an Asymptotically Optimal Finite-Time Analysis}},
    author =       {E. Kaufmann and N. Korda and R. Munos},
    booktitle =    {{Algorithmic Learning Theory}},
    year =         {2012},
    publisher =    {{PMLR}},
    pages =        {199--213}
}

@article{Bubeck12,
    title =        {{Regret Analysis of Stochastic and Non-Stochastic Multi-Armed Bandit Problems}},
    author =       {S. Bubeck and N. Cesa-Bianchi and others},
    journal =      {{Foundations and Trends{\textregistered} in Machine Learning}},
    volume =       {5},
    number =       {1},
    year =         {2012},
    publisher =    {Now Publishers, Inc.}
}

@inproceedings{Tekin11performance,
    title =        {{Performance and Convergence of Multi-User Online Learning}},
    author =       {C. Tekin and M. Liu},
    booktitle =    {{International Conference on Game Theory for Networks}},
    pages =        {321--336},
    year =         {2011},
    organization = {Springer Berlin Heidelberg}
}

@article{Tekin12arXiv,
    title =        {{Online Learning in Decentralized Multiuser Resource Sharing Problems}},
    author =       {C. Tekin and M. Liu},
    journal =      {{arXiv preprint arXiv:1210.5544}},
    year =         {2012}
}

@inproceedings{Tekin12IEEE,
    title =        {{Online Learning in Decentralized Multi-User Spectrum Access with Synchronized Explorations}},
    author =       {C. Tekin and M. Liu},
    booktitle =    {{IEEE Military Communications Conference}},
    year =         {2012}
}

@inproceedings{Kalathil12,
    title =        {{Decentralized Learning for Multi-Player Multi-Armed Bandits}},
    author =       {D. Kalathil and N. Nayyar and R. Jain},
    year  =        {2012},
    booktitle =    {{IEEE Conference on Decision and Control}}
}

@inproceedings{BubeckSlivkins12,
    title =        {{The Best Of Both Worlds Stochastic And Adversarial Bandits}},
    author =       {S. Bubeck and A. Slivkins},
    booktitle =    {{Conference on Learning Theory}},
    publisher =    {{PMLR}},
    pages =        {42--1},
    year =         {2012}
}

@inproceedings{Sani2012risk,
    title =        {{Risk-Aversion In Multi-Armed Bandits}},
    author =       {A. Sani and A. Lazaric  and R. Munos},
    booktitle =    {Advances in Neural Information Processing Systems},
    pages =        {3275--3283},
    year =         {2012}
}

@phdthesis{Kaufmann12PhD,
    title =        {{Analysis of Bayesian and Frequentist Strategies for Sequential Resource Allocation}},
    author =       {E. Kaufmann},
    school =       {{Telecom ParisTech}},
    year =         {2014}
}

@inproceedings{Kaufmann14,
    title =        {{On the Complexity of A/B Testing}},
    author =       {E. Kaufmann and O. Capp{\'e} and A. Garivier},
    booktitle =    {{Conference on Learning Theory}},
    publisher =    {{PMLR}},
    pages =        {461--481},
    year =         {2014}
}

@incollection{LiChapelle11,
    title =         {{An Empirical Evaluation of Thompson Sampling}},
    author =        {O. Chapelle and L. Li},
    booktitle =     {Advances in Neural Information Processing Systems},
    pages =         {2249--2257},
    year =          {2011},
    publisher =     {Curran Associates, Inc.},
}

@article{Chapelleetal14Ad,
    title =        {{Simple and Scalable Response Prediction For Display Advertising}},
    author =       {Chapelle, O. and Manavoglu, E. and Rosales, R.},
    journal =      {Transactions on Intelligent Systems and Technology},
    year =         {2014}
}

@article{Avner15,
    title =        {{Learning to Coordinate Without Communication in Multi-User Multi-Armed Bandit Problems}},
    author =       {O. Avner and S. Mannor},
    journal =      {{arXiv preprint arXiv:1504.08167}},
    year =         {2015}
}

@inproceedings{Komiyama15,
    title =        {{Optimal Regret Analysis of Thompson Sampling in Stochastic Multi-Armed Bandit Problem with Multiple Plays}},
    author =       {J. Komiyama and J. Honda and H. Nakagawa},
    booktitle =    {{International Conference on Machine Learning}},
    volume =       {37},
    pages =        {1152--1161},
    publisher =    {{PMLR}},
    year =         {2015}
}

@inproceedings{Avner16,
    title =        {{Multi-User Lax Communications: a Multi-Armed Bandit approach}},
    author =       {O. Avner and S. Mannor},
    booktitle =    {{IEEE INFOCOM}},
    year =         {2016},
    organization = {IEEE}
}

@article{Maghsudi16,
    title =        {{Multi-Armed Bandits with Application to 5G Small Cells}},
    author =       {S. Maghsudi and E. Hossain},
    journal =      {{IEEE Wireless Communications}},
    year =         {2016},
    volume =       {23},
    number =       {3},
    pages =        {64-73}
}

@inproceedings{Toldov16,
    author =       {V. Toldov and L. Clavier and V. LoscrÃ­ and N. Mitton},
    title =        {{A Thompson Sampling approach to channel exploration-exploitation problem in multihop cognitive radio networks}},
    booktitle =    {{PIMRC}},
    year =         {2016}
}

@article{Darak16,
    title =        {{Proof-of-Concept System for Opportunistic Spectrum Access in Multi-user Decentralized Networks}},
    author =       {S. J. Darak and C. Moy and J. Palicot},
    journal =      {{EAI Endorsed Transactions on Cognitive Communications}},
    volume =       {2},
    year =         {2016}
}

@inproceedings{Rosenski16,
    title =        {{Multi-Player Bandits -- A Musical Chairs Approach}},
    author =       {J. Rosenski and O. Shamir and L. Szlak},
    booktitle =    {{International Conference on Machine Learning}},
    pages =        {155--163},
    publisher =    {{PMLR}},
    year =         {2016}
}

@inproceedings{Lagree16,
    title =        {{Multiple-Play Bandits in the Position-Based Model}},
    author =       {P. Lagr{\'e}e and C. Vernade and O. Capp{\'e}},
    booktitle =    {{Advances in Neural Information Processing Systems}},
    pages =        {1597--1605},
    year =         {2016}
}

@inproceedings{Mitton16,
    title =        {{Competition: Channel Exploration/Exploitation Based on a Thompson Sampling Approach in a Radio Cognitive Environment}},
    author =       {A. Maskooki and V. Toldov and L. Clavier and V. Loscr{\'i} and N. Mitton},
    booktitle =    {{EWSN}},
    year =         {2016}
}

@inproceedings{Bonnefoi16,
    title =        {{Advanced Metering Infrastructure Backhaul Reliability Improvement with Cognitive Radio}},
    author =       {R. Bonnefoi and C. Moy and J. Palicot},
    year =         {2016},
    booktitle =    {{SmartGridComm}},
    pages =        {230--236}
}

@article{Luedtke16,
    title =        {{Asymptotically Optimal Algorithms for Multiple Play Bandits with Partial Feedback}},
    author =       {A. Luedtke and E. Kaufmann and A. Chambaz},
    journal =      {arXiv preprint arXiv:1606.09388},
    year =         {2016}
}

@inproceedings{Garivier16,
    title =        {{Optimal Best Arm Identification with Fixed Confidence}},
    author =       {A. Garivier and E. Kaufmann},
    booktitle =    {{Conference on Learning Theory}},
    publisher =    {{PMLR}},
    volume =       {49},
    year =         {2016}
}

@article{Garivier16TrueShape,
    title =        {{Explore First, Exploit Next: The True Shape of Regret in Bandit Problems}},
    author =       {A. Garivier and P. M{\'e}nard and G. Stoltz},
    journal =      {arXiv preprint arXiv:1602.07182},
    year =         {2016}
}

@inproceedings{Auer16,
    title =        {{An Algorithm with Nearly Optimal Pseudo Regret for Both Stochastic and Adversarial Bandits}},
    author =       {P. Auer and C.-K. Chiang},
    booktitle =    {{Conference on Learning Theory}},
    publisher =    {{PMLR}},
    pages =        {116--120},
    year =         {2016}
}

@inproceedings{Lattimore16a,
    title =        {{Regret Analysis Of The Finite Horizon Gittins Index Strategy For Multi Armed Bandits}},
    author =       {T. Lattimore},
    booktitle =    {{Conference on Learning Theory}},
    publisher =    {{PMLR}},
    pages =        {1214--1245},
    year =         {2016}
}

@article{Lattimore16b,
    title =         {{Regret Analysis of the Anytime Optimally Confident UCB Algorithm}},
    author =        {T. Lattimore},
    journal =       {arXiv preprint, arXiv:1603.08661},
    year =          {2016}
}

@inproceedings{GarivierETC2016,
    title =         {{On Explore-Then-Commit Strategies}},
    author =        {A. Garivier and E. Kaufmann and T. Lattimore},
    address =       {Barcelona, Spain},
    series =        {Advances in Neural Information Processing Systems (NIPS)},
    volume =        {29},
    year =          {2016}
}

@article{Kaufmann17,
    title =        {{Learning The Distribution With Largest Mean: Two Bandit Frameworks}},
    author =       {E. Kaufmann and A. Garivier},
    journal =      {arXiv preprint arXiv:1702.00001},
    year =         {2017}
}

@article{Modi17QoS,
    title =        {{QoS driven Channel Selection Algorithm for Cognitive Radio Network: Multi-User Multi-armed Bandit Approach}},
    author =       {N. Modi and P. Mary and C. Moy},
    journal =      {{IEEE Transactions on Cognitive Communications and Networking}},
    volume =       {3},
    number =       {1},
    pages =        {49--66},
    year =         {2017},
    publisher =    {IEEE}
}

@phdthesis{Toldov17,
    title =        {{Adaptive MAC layer for interference limited WSN}},
    author =       {V. Toldov},
    school =       {{Universit{\'e} Lille 1 Sciences et technologies}},
    year =         {2017}
}

@phdthesis{Modi17,
    title =        {{Machine Learning and Statistical Decision Making for Green Radio}},
    author =       {N. Modi},
    school =       {{CentraleSup{\'e}lec, IETR, Rennes}},
    year =         {2017}
}

@inproceedings{Bonnefoi17,
    title =        {{Multi-Armed Bandit Learning in IoT Networks: Learning helps even in non-stationary settings}},
    author =       {R. Bonnefoi and L. Besson and C. Moy and E. Kaufmann and J. Palicot},
    booktitle =    {{12th EAI Conference on Cognitive Radio Oriented Wireless Network and Communication}},
    series =       {CROWNCOM Proceedings},
    year =         {2017}
}

@inproceedings{Koren17,
    title =        {{Bandits with Movement Costs and Adaptive Pricing}},
    author =       {K. Tomer and L. Roi and M. Yishay},
    booktitle =    {{Conference on Learning Theory}},
    publisher =    {{PMLR}},
    pages =        {1242--1268},
    year =         {2017},
    volume =       {65}
}

@inproceedings{Liauetal2017,
    title =        {{Stochastic Multi-Armed Bandits in Constant Space}},
    author =       {D. Liau and E. Price and Z. Song and G. Yang},
    booktitle =    {{International Conference on
Artificial Intelligence and Statistics}},
    year =         {2018}
}

@article{Menard17arXiv,
    title =        {{A Minimax and Asymptotically Optimal Algorithm for Stochastic Bandits}},
    author =       {P. M{\'e}nard and A. Garivier},
    journal =      {{arXiv preprint arXiv:1702.07211}},
    year =         {2017}
}

@inproceedings{Menard17,
    title =        {{A Minimax and Asymptotically Optimal Algorithm for Stochastic Bandits}},
    author =       {P. M{\'e}nard and A. Garivier},
    booktitle =    {{Algorithmic Learning Theory}},
    pages =        {223--237},
    publisher =    {{PMLR}},
    volume =       {76},
    year =         {2017},
}

@article{Seldin17arXiv,
    title =         {{An Improved Parametrization and Analysis of the EXP3++ Algorithm for Stochastic and Adversarial Bandits}},
    author =        {Y. Seldin and G. Lugosi},
    journal =       {{arXiv preprint arXiv:1702.06103}},
    year =          {{2017}}
}

@inproceedings{Seldin17,
    title =         {{An Improved Parametrization and Analysis of the EXP3++ Algorithm for Stochastic and Adversarial Bandits}},
    author =        {Y. Seldin and G. Lugosi},
    booktitle =     {{Conference on Learning Theory}},
    volume =        {65},
    pages =         {1--17},
    publisher =     {{PMLR}},
    year =          {{2017}}
}

@incollection{Jamieson17ABTest,
    title =         {{A framework for Multi-A(rmed)/B(andit) Testing with Online FDR Control}},
    author =        {F. Yang and A. Ramdas and K. Jamieson and M. Wainwright},
    booktitle =     {Advances in Neural Information Processing Systems},
    pages =         {5957--5966},
    year =          {2017},
    publisher =     {Curran Associates, Inc.},
}

@misc{SMPyBandits,
    title =   {{SMPyBandits: an Open-Source Research Framework for Single and Multi-Players Multi-Arms Bandits (MAB) Algorithms in Python}},
    author =  {Lilian Besson},
    year =    {2018},
    url =     {https://github.com/SMPyBandits/SMPyBandits/},
    howpublished = {Online at: \url{GitHub.com/SMPyBandits/SMPyBandits}},
    note =    {Code at https://github.com/SMPyBandits/SMPyBandits/, documentation at https://smpybandits.github.io/}
}

@inproceedings{Degenne16,
    title =        {{Anytime Optimal Algorithms In Stochastic Multi Armed Bandits}},
    author =       {R. Degenne and V. Perchet},
    booktitle =    {{International Conference on Machine Learning}},
    pages =        {1587--1595},
    year =         {2016}
}

@unpublished{Garivier18,
    title =        {{KL-UCB-switch: optimal regret bounds for stochastic bandits from both a distribution-dependent and a distribution-free viewpoints}},
    author =       {A. Garivier and H. Hadiji and P. M{\'e}nard and G. Stoltz},
    url =          {https://hal.archives-ouvertes.fr/hal-01785705},
    note =         {working paper or preprint},
    year =         {2018},
}

% ---------------------------------------------------------------------------
% For Non-Stationary Stochastic Bandits
% ---------------------------------------------------------------------------

@book{Siegmund13,
    title =        {{Sequential analysis: tests and confidence intervals}},
    author =       {D. Siegmund},
    year =         {2013},
    publisher =    {{Springer Science \& Business Media}}
}

@book{Basseville93,
    title =        {{Detection of Abrupt Changes: Theory And Application}},
    author =       {M. Basseville and I. Nikiforov and others},
    volume =       {104},
    year =         {1993},
    publisher =    {{Prentice Hall Englewood Cliffs}}
}

@inproceedings{YuMannor09,
    title =        {{Piecewise-Stationary Bandit Problems with Side Observations}},
    author =       {J. Y. Yu and S. Mannor},
    booktitle =    {{Proceedings of the 26th Annual International Conference on Machine Learning}},
    pages =        {1177--1184},
    year =         {2009},
    organization = {ACM}
}

@inproceedings{Gupta11thompson,
    title =        {{Thompson Sampling for Dynamic Multi Armed Bandits}},
    author =       {N. Gupta and O. Granmo-Christoffer and A. Agrawala},
    booktitle =    {10th International Conference on Machine Learning and Applications Workshops},
    pages =        {484--489},
    year =         {2011},
    organization = {IEEE}
}

@inproceedings{MellorShapiro13,
    title =        {{Thompson Sampling in Switching Environments with Bayesian Online Change Detection}},
    author =       {J. Mellor and J. Shapiro},
    booktitle =    {{Artificial Intelligence and Statistics}},
    pages =        {442--450},
    year =         {2013}
}

@inproceedings{Besbes14stochastic,
    title =        {{Stochastic Multi-Armed Bandit Problem with Non-Stationary Rewards}},
    author =       {O. Besbes and Y. Gur and A. Zeevi},
    booktitle =    {Advances in Neural Information Processing Systems},
    pages =        {199--207},
    year =         {2014}
}

@inproceedings{Allesiardo15,
    title =        {{Exp3 with Drift Detection for the Switching Bandit Problem}},
    author =       {R. Allesiardo and R. F{\'e}raud},
    booktitle =    {{IEEE Internation Conference on Data Science and Advanced Analytics (DSAA)}},
    pages =        {1--7},
    year =         {2015},
    organization = {IEEE}
}

@inproceedings{Louedec16,
    title =        {{Algorithme de bandit et obsolescence : un mod{\`e}le pour la recommandation}},
    author =       {J. Lou{\"e}dec and L. Rossi and M. Chevalier and A. Garivier and J. Mothe},
    year =         {2016},
    booktitle =    {18{\`e}me Conf{\'e}rence francophone sur l'Apprentissage Automatique, 2016 (Marseille, France)}
}

@unpublished{Alami17,
    title =        {{Memory Bandits: Towards the Switching Bandit Problem Best Resolution}},
    author =       {R. Alami and O.-A. Maillard R. F{\'e}raud},
    booktitle =    {{NIPS 2017 - 31st Conference on Neural Information Processing Systems}},
    url =          {https://hal.archives-ouvertes.fr/hal-01811697/},
    year =         {2017}
}

@article{Allesiardo17,
    title =        {{The Non-Stationary Stochastic Multi-Armed Bandit Problem}},
    author =       {R. Allesiardo and R. F{\'e}raud and O.-A. Maillard},
    journal =      {{International Journal of Data Science and Analytics}},
    volume =       {3},
    number =       {4},
    pages =        {267--283},
    year =         {2017},
    publisher =    {Springer},
    url =          {https://hal.archives-ouvertes.fr/hal-01575000/}
}

@unpublished{RajKalyani17,
    title =        {{Taming Non-Stationary Bandits: a Bayesian Approach}},
    author =       {V. Raj and S. Kalyani},
    journal =      {arXiv preprint arXiv:1707.09727},
    url =          {https://arxiv.org/abs/1707.09727},
    year =         {2017}
}

@unpublished{LiuLeeShroff17,
    title =        {{A Change-Detection based Framework for Piecewise-stationary Multi-Armed Bandit Problem}},
    author =       {F. Liu and J. Lee and N. Shroff},
    journal =      {arXiv preprint arXiv:1711.03539},
    url =          {https://arxiv.org/abs/1711.03539},
    year =         {2017}
}

@inproceedings{Mourtada17,
    title =        {{Efficient Tracking of a Growing Number of Experts}},
    author =       {J. Mourtada and O.-A. Maillard},
    url =          {https://hal.archives-ouvertes.fr/hal-01615424},
    booktitle =    {{Algorithmic Learning Theory}},
    address =      {Tokyo, Japan},
    series =       {Proceedings of Algorithmic Learning Theory},
    volume =       {76},
    pages =        {1--23},
    year =         {2017},
}

@inproceedings{Besson2018ALT,
    title =        {{Multi-Player Bandits Revisited}},
    author =       {L. Besson and E. Kaufmann},
    url =          {https://hal.inria.fr/hal-01629733},
    booktitle =    {{Algorithmic Learning Theory}},
    address =      {Lanzarote, Spain},
    organization = {{Mehryar Mohri and Karthik Sridharan}},
    year =         {2018},
}

@unpublished{WeiSrivastava18,
    title =        {{On Abruptly-Changing and Slowly-Varying Multiarmed Bandit Problems}},
    author =       {L. Wei and V. Srivastava},
    note =         {arXiv preprint arXiv:1802.08380},
    url =          {https://arxiv.org/abs/1802.08380},
    year =         {2018}
}

@article{AuerGajaneOrtner18,
    title =        {{Adaptively Tracking the Best Arm with an Unknown Number of Distribution Changes}},
    author =       {P. Auer and P. Gajane and R. Ortner},
    url =          {https://ewrl.files.wordpress.com/2018/09/ewrl_14_2018_paper_28.pdf},
    note =         {Presented at EWRL, European Workshop on Reinforcement Learning},
    year =         {2018}
}

@unpublished{CaoZhenKvetonXie18,
    title =        {{Nearly Optimal Adaptive Procedure for Piecewise-Stationary Bandit: a Change-Point Detection Approach}},
    author =       {Y. Cao and W. Zheng and B. Kveton and Y. Xie},
    note =         {arXiv preprint arXiv:1802.03692},
    url =          {https://arxiv.org/abs/1802.03692},
    year =         {2018}
}

@inproceedings{Besson2018WCNC,
    title =       {{Aggregation of Multi-Armed Bandits Learning Algorithms for Opportunistic Spectrum Access}},
    author =      {L. Besson and E. Kaufmann and C. Moy},
    url =         {https://hal.inria.fr/hal-01705292},
    booktitle =   {{IEEE Wireless Communications and Networking Conference}},
    address =     {Barcelona, Spain},
    year =        {2018},
}

@unpublished{Besson2018DoublingTrick,
    title =       {{What Doubling Tricks Can and Can't Do for Multi-Armed Bandits}},
    author =      {L. Besson and E. Kaufmann},
    url =         {https://hal.inria.fr/hal-01736357},
    note =        {working paper or preprint},
    year =        {2018},
}

@unpublished{Maillard2018GLR,
    title =       {{Sequential change-point detection: Laplace concentration of scan statistics and non-asymptotic delay bounds}},
    author =      {O.-A. Maillard},
    year =        {2018},
    url =         {http://odalricambrymmaillard.neowordpress.fr/publications/},
    note =         {working paper or preprint}
}
