% Â© Lilian Besson, 2017, for ALT 2018

@article{Thompson33,
    author =       {W. R. Thompson},
    title =        {{On the Likelihood that One Unknown Probability Exceeds Another in View of the Evidence of Two Samples}},
    journal =      {{Biometrika}},
    volume =       {25},
    year =         {1933}
}

@article{Wald45,
    author =       {A. Wald},
    title =        {{Some Generalizations of the Theory of Cumulative Sums of Random Variables}},
    year  =        {1945},
    publisher =    {Institute of Mathematical Statistics},
    volume =       {16},
    number =       {3},
    pages =        {287--293},
    journal =      {The Annals of Mathematical Statistics}
}

@article{Robbins52,
    title =        {{Some aspects of the sequential design of experiments}},
    author =       {H. Robbins},
    journal =      {{Bulletin of the American Mathematical Society}},
    pages =        {527--535},
    volume =       {58},
    number =       {5},
    year =         {1952}
}

@inproceedings{Abramson70,
    title =        {{The ALOHA System: Another Alternative for Computer Communications}},
    author =       {N. Abramson},
    booktitle =    {Joint Computer Conference},
    pages =        {281--285},
    year =         {1970},
    organization = {ACM}
}

@article{Roberts75,
    title =        {{ALOHA packet system with and without slots and capture}},
    author =       {L. G. Roberts},
    journal =      {SIGCOMM Computer Communication Review},
    volume =       {5},
    number =       {2},
    pages =        {28--42},
    year =         {1975},
    publisher =    {ACM}
}

@article{LaiRobbins85,
    author =       {T. L. Lai and H. Robbins},
    title =        {{Asymptotically Efficient Adaptive Allocation Rules}},
    journal =      {{Advances in Applied Mathematics}},
    year =         {1985},
    volume =       {6},
    number =       {1},
    pages =        {4--22}
}

% @article{Anantharam87b, title =        {{Asymptotically efficient allocation rules for the Multi-Armed Bandit problem with multiple plays - Part II: Markovian rewards}}, author =       {V. Anantharam and P. Varaiya and J. Walrand}, journal =      {{IEEE Transactions on Automatic Control}}, volume =       {32}, number =       {11}, pages =        {977--982}, year =         {1987}, }

@article{Anantharam87a,
    title =        {{Asymptotically efficient allocation rules for the Multi-Armed Bandit problem with multiple plays - Part I: IID rewards}},
    author =       {V. Anantharam and P. Varaiya and J. Walrand},
    journal =      {{IEEE Transactions on Automatic Control}},
    volume =       {32},
    number =       {11},
    pages =        {968--976},
    year =         {1987}
}

@article{Agrawal95,
    title =        {{Sample mean based index policies by $\mathcal{O}(\log n)$ regret for the Multi-Armed Bandit problem}},
    author =       {R. Agrawal},
    journal =      {{Advances in Applied Probability}},
    volume =       {27},
    number =       {04},
    pages =        {1054--1078},
    year =         {1995},
    publisher =    {{Cambridge University Press}}
}

@article{Burnetas96,
    title =        {{Optimal Adaptive Policies for Sequential Allocation Problems}},
    author =       {A. N. Burnetas and M. N. Katehakis},
    journal =      {Advances in Applied Mathematics},
    volume =       {17},
    number =       {2},
    pages =        {122--142},
    year =         {1996},
    publisher =    {Elsevier}
}

@article{Mitola99,
    title =        {{Cognitive Radio: making software radios more personal}},
    author =       {J. Mitola and G. Q. Maguire},
    journal =      {{IEEE Personal Communications}},
    volume =       {6},
    number =       {4},
    pages =        {13--18},
    year =         {1999},
    publisher =    {IEEE}
}

@article{Auer02,
    author =       {P. Auer and N. Cesa-Bianchi and P. Fischer},
    title =        {{Finite-time Analysis of the Multi-armed Bandit Problem}},
    journal =      {Machine Learning},
    year =         {2002},
    volume =       {47},
    number =       {2},
    pages =        {235--256}
}

@article{Auer02EXP3,
    title =        {{The Non-Stochastic Multi Armed Bandit Problem}},
    author =       {Auer, P. and Cesa-Bianchi, N. and Freund, Y. and Schapire, R.},
    journal =      {SIAM Journal of Computing},
    year =         {2002},
    pages =        {48--77},
    volume =       {32(1)}
}

@article{Haykin05,
    author =       {S. Haykin},
    journal =      {IEEE Journal on Selected Areas in Communications},
    title =        {{Cognitive Radio: Brain-Empowered Wireless Communications}},
    year =         {2005},
    volume =       {23},
    number =       {2},
    pages =        {201--220}
}

@article{Zhao07,
    title =        {{A Survey of Dynamic Spectrum Access}},
    author =       {Q. Zhao and B. M. Sadler},
    journal =      {{IEEE Signal Processing magazine}},
    volume =       {24},
    number =       {3},
    pages =        {79--89},
    year =         {2007},
    publisher =    {IEEE}
}

@inproceedings{Liu08,
    title =        {{A restless bandit formulation of opportunistic access: Indexablity and index policy}},
    author =       {K. Liu and Q. Zhao},
    booktitle =    {{IEEE Annual Communications Society Conference on Sensor, Mesh and Ad-Hoc Communications and Networks Workshops}},
    year =         {2008}
}

@inproceedings{Jouini09,
    title =        {{Multi-Armed Bandit based policies for Cognitive Radio's decision making issues}},
    author =       {W. Jouini and D. Ernst and C. Moy and J. Palicot},
    booktitle =    {{International Conference Signals, Circuits and Systems}},
    year =         {2009},
    organization = {IEEE}
}

@inproceedings{Agarwal09explore,
    title =        {{Explore Exploit Schemes For Web Content Optimization}},
    author =       {D. Agarwal and B. Chen and P. Elango},
    booktitle =    {IEEE International Conference on Data Mining},
    year =         {2009},
    organization = {IEEE}
}

@article{Zhao10,
    title =        {{Distributed learning in Multi-Armed Bandit with multiple players}},
    author =       {K. Liu and Q. Zhao},
    journal =      {IEEE Transaction on Signal Processing},
    volume =       {58},
    number =       {11},
    pages =        {5667--5681},
    year =         {2010}
}

@inproceedings{Anandkumar10,
    title =        {{Opportunistic Spectrum Access with multiple users: Learning under competition}},
    author =       {A. Anandkumar and N. Michael and A. K. Tang},
    booktitle =    {{IEEE INFOCOM}},
    year =         {2010}
}

@inproceedings{Jouini10,
    title =        {{Upper Confidence Bound Based Decision Making Strategies and Dynamic Spectrum Access}},
    author =       {W. Jouini and D. Ernst and C. Moy and J. Palicot},
    booktitle =    {{IEEE International Conference on Communications}},
    year =         {2010}
}

@inproceedings{Li10contextual,
    title =        {{A contextual-bandit approach to personalized news article recommendation}},
    author =       {L. Li and W. Chu and J. Langford and R. E. Schapire},
    booktitle =    {Proceedings of the 19th international conference on World Wide Web},
    pages =        {661--670},
    year =         {2010},
    organization = {ACM}
}

@article{Anandkumar11,
    title    =     {{Distributed algorithms for learning and cognitive medium access with logarithmic regret}},
    author   =     {A. Anandkumar and N. Michael and A. K. Tang and S. Agrawal},
    journal  =     {IEEE Journal on Selected Areas in Communications},
    volume   =     {29},
    number   =     {4},
    pages    =     {731--745},
    year     =     {2011},
    publisher=     {IEEE}
}

@book{Bona11,
    title =        {{A Walk Through Combinatorics: an Introduction to Enumeration and Graph Theory}},
    author =       {M B{\'o}na},
    year =         {2011},
    publisher =    {World Scientific}
}

@article{Jouini12,
    title =        {{Decision making for Cognitive Radio equipment: analysis of the first 10 years of exploration}},
    author =       {W. Jouini and C. Moy and J. Palicot},
    journal =      {{EURASIP Journal on Wireless Communications and Networking}},
    volume =       {2012},
    number =       {1},
    year =         {2012},
    publisher =    {Springer}
}

@inproceedings{AgrawalGoyal11,
    title =        {{Analysis of Thompson sampling for the Multi-Armed Bandit problem}},
    author =       {S. Agrawal and N. Goyal},
    booktitle =    {{JMLR, Conference On Learning Theory}},
    year =         {2012}
}

@inproceedings{Garivier11KL,
    title =        {{The KL-UCB Algorithm for Bounded Stochastic Bandits and Beyond}},
    author =       {A. Garivier and O. Capp{\'e}},
    booktitle =    {{24th Annual Conference on Learning Theory (COLT)}},
    series =       {JMLR Workshop and Conference Proceedings},
    pages =        {359--376},
    year =         {2011}
}

@article{KLUCBJournal,
    title =       {{Kullback-Leibler upper confidence bounds for optimal sequential allocation}},
    author =      {Capp{\'e}, O. and Garivier, A. and Maillard, O-A. and Munos, R. and Stoltz, G.},
    journal =     {Annals of Statistics},
    year =        {2013},
    pages =       {1516--1541},
    volume =      {41(3)}
}

@inproceedings{Kaufmann12BUCB,
    title =        {{On Bayesian Upper Confidence Bounds for Bandit Problems}},
    author =       {E. Kaufmann and O. Capp{\'e} and A. Garivier},
    booktitle =    {{AISTATS}},
    pages =        {592--600},
    year =         {2012}
}

@inbook{Kaufmann12Thompson,
    title =        {{Thompson Sampling: an Asymptotically Optimal Finite-Time Analysis}},
    author =       {E. Kaufmann and N. Korda and R. Munos},
    bookTitle =    {{Algorithmic Learning Theory}},
    year =         {2012},
    publisher =    {Springer, Berlin Heidelberg},
    pages =        {199--213}
}

@article{Bubeck12,
    title =        {{Regret Analysis of Stochastic and Non-Stochastic Multi-Armed Bandit Problems}},
    author =       {S. Bubeck and N. Cesa-Bianchi and others},
    journal =      {{Foundations and Trends{\textregistered} in Machine Learning}},
    volume =       {5},
    number =       {1},
    year =         {2012},
    publisher =    {Now Publishers, Inc.}
}

@inproceedings{Tekin11performance,
    title =        {{Performance and Convergence of Multi-User Online Learning}},
    author =       {C. Tekin and M. Liu},
    booktitle =    {{International Conference on Game Theory for Networks}},
    pages =        {321--336},
    year =         {2011},
    organization = {Springer Berlin Heidelberg}
}

@article{Tekin12arXiv,
    title =        {{Online Learning in Decentralized Multiuser Resource Sharing Problems}},
    author =       {C. Tekin and M. Liu},
    journal =      {{arXiv preprint arXiv:1210.5544}},
    year =         {2012}
}

@inproceedings{Tekin12IEEE,
    title =        {{Online Learning in Decentralized Multi-User Spectrum Access with Synchronized Explorations}},
    author =       {C. Tekin and M. Liu},
    booktitle =    {{IEEE Military Communications Conference}},
    year =         {2012}
}

@inproceedings{Kalathil12,
    title =        {{Decentralized Learning for Multi-Player Multi-Armed Bandits}},
    author =       {D. Kalathil and N. Nayyar and R. Jain},
    year  =        {2012},
    booktitle =    {{IEEE Conference on Decision and Control}}
}

@phdthesis{Kaufmann12PhD,
    title =        {{Analysis of Bayesian and Frequentist Strategies for Sequential Resource Allocation}},
    author =       {E. Kaufmann},
    school =       {{Telecom ParisTech}},
    year =         {2014}
}

@inproceedings{Kaufmann14,
    title =        {{On the complexity of A/B testing}},
    author =       {E. Kaufmann and O. Capp{\'e} and A. Garivier},
    booktitle =    {{27th Annual Conference on Learning Theory (COLT)}},
    series =       {JMLR Workshop and Conference Proceedings},
    pages =        {461--481},
    year =         {2014}
}

@article{Chapelleetal14Ad,
    title =        {{Simple and scalable response prediction for display advertising}},
    author =       {Chapelle, O. and Manavoglu, E. and Rosales, R.},
    journal =      {Transactions on Intelligent Systems and Technology},
    year =         {2014}
}

@article{Avner15,
    title =        {{Learning to Coordinate Without Communication in Multi-User Multi-Armed Bandit Problems}},
    author =       {O. Avner and S. Mannor},
    journal =      {{arXiv preprint arXiv:1504.08167}},
    year =         {2015}
}

@inproceedings{Komiyama15,
    title =        {{Optimal Regret Analysis of Thompson Sampling in Stochastic Multi-Armed Bandit Problem with Multiple Plays}},
    author =       {J. Komiyama and J. Honda and H. Nakagawa},
    booktitle =    {{International Conference on Machine Learning}},
    volume =       {37},
    pages =        {1152--1161},
    year =         {2015}
}

@inproceedings{Avner16,
    title =        {{Multi-user lax communications: a Multi-Armed Bandit approach}},
    author =       {O. Avner and S. Mannor},
    booktitle =    {{IEEE INFOCOM}},
    year =         {2016},
    organization = {IEEE}
}

@article{Maghsudi16,
    title =        {{Multi-Armed Bandits with application to 5G small cells}},
    author =       {S. Maghsudi and E. Hossain},
    journal =      {{IEEE Wireless Communications}},
    year =         {2016},
    volume =       {23},
    number =       {3},
    pages =        {64-73}
}

@inproceedings{Toldov16,
    author =       {V. Toldov and L. Clavier and V. LoscrÃ­ and N. Mitton},
    title =        {{A Thompson Sampling approach to channel exploration-exploitation problem in multihop cognitive radio networks}},
    booktitle =    {{PIMRC}},
    year =         {2016}
}

@article{Darak16,
    title =        {{Proof-of-Concept System for Opportunistic Spectrum Access in Multi-user Decentralized Networks}},
    author =       {S. J. Darak and C. Moy and J. Palicot},
    journal =      {{EAI Endorsed Transactions on Cognitive Communications}},
    volume =       {2},
    year =         {2016}
}

@inproceedings{Rosenski16,
    title =        {{Multi-Player Bandits -- A Musical Chairs Approach}},
    author =       {J. Rosenski and O. Shamir and L. Szlak},
    booktitle =    {{International Conference on Machine Learning}},
    pages =        {155--163},
    year =         {2016}
}

@inproceedings{Lagree16,
    title =        {{Multiple-Play Bandits in the Position-Based Model}},
    author =       {P. Lagr{\'e}e and C. Vernade and O. Capp{\'e}},
    booktitle =    {{Advances in Neural Information Processing Systems}},
    pages =        {1597--1605},
    year =         {2016}
}

@inproceedings{Mitton16,
    title =        {{Competition: Channel Exploration/Exploitation Based on a Thompson Sampling Approach in a Radio Cognitive Environment}},
    author =       {A. Maskooki and V. Toldov and L. Clavier and V. Loscr{\'i} and N. Mitton},
    booktitle =    {{EWSN}},
    year =         {2016}
}

@inproceedings{Bonnefoi16,
    author =       {R. Bonnefoi and C. Moy and J. Palicot},
    title =        {{Advanced metering infrastructure backhaul reliability improvement with Cognitive Radio}},
    year =         {2016},
    booktitle =    {{SmartGridComm}},
    pages =        {230--236}
}

@article{Luedtke16,
    title =        {{Asymptotically Optimal Algorithms for Multiple Play Bandits with Partial Feedback}},
    author =       {A. Luedtke and E. Kaufmann and A. Chambaz},
    journal =      {arXiv preprint arXiv:1606.09388},
    year =         {2016}
}

@inproceedings{Garivier16,
    title =        {{Optimal Best Arm Identification with Fixed Confidence}},
    author =       {A. Garivier and E. Kaufmann},
    booktitle =    {{29th Annual Conference on Learning Theory (COLT)}},
    series =       {JMLR Workshop and Conference Proceedings},
    volume =       {49},
    year =         {2016}
}

@article{Garivier16TrueShape,
    title =        {{Explore First, Exploit Next: The True Shape of Regret in Bandit Problems}},
    author =       {A. Garivier and P. M{\'e}nard and G. Stoltz},
    journal =      {arXiv preprint arXiv:1602.07182},
    year =         {2016}
}

@article{Kaufmann17,
    title =        {{Learning the distribution with largest mean: two bandit frameworks}},
    author =       {E. Kaufmann and A. Garivier},
    journal =      {arXiv preprint arXiv:1702.00001},
    year =         {2017}
}

@article{Modi17QoS,
    title =        {{QoS driven Channel Selection Algorithm for Cognitive Radio Network: Multi-User Multi-armed Bandit Approach}},
    author =       {N. Modi and P. Mary and C. Moy},
    journal =      {{IEEE Transactions on Cognitive Communications and Networking}},
    volume =       {3},
    number =       {1},
    pages =        {49--66},
    year =         {2017},
    publisher =    {IEEE}
}

@phdthesis{Toldov17,
    title =        {{Adaptive MAC layer for interference limited WSN}},
    author =       {V. Toldov},
    school =       {{Universit{\'e} Lille 1 Sciences et technologies}},
    year =         {2017}
}

@phdthesis{Modi17,
    title =        {{Machine Learning and Statistical Decision Making for Green Radio}},
    author =       {N. Modi},
    school =       {{CentraleSup{\'e}lec, IETR, Rennes}},
    year =         {2017}
}

@inproceedings{Bonnefoi17,
    title =        {{Multi-Armed Bandit Learning in IoT Networks: Learning helps even in non-stationary settings}},
    author =       {R. Bonnefoi and L. Besson and C. Moy and E. Kaufmann and J. Palicot},
    booktitle =    {{12th EAI Conference on Cognitive Radio Oriented Wireless Network and Communication}},
    series =       {CROWNCOM Proceedings},
    year =         {2017}
}

@inproceedings{Koren17,
    title =        {{Bandits with Movement Costs and Adaptive Pricing}},
    author =       {K. Tomer and L. Roi and Y. Mansour},
    booktitle =    {{30th Annual Conference on Learning Theory (COLT)}},
    series =       {JMLR Workshop and Conference Proceedings},
    pages =        {1242--1268},
    year =         {2017},
    volume =       {65}
}

@misc{SMPyBandits,
    title =   {{SMPyBandits: an Open-Source Research Framework for Single and Multi-Players Multi-Arms Bandits (MAB) Algorithms in Python}},
    author =  {Lilian Besson},
    year =    {2018},
    url =     {https://github.com/SMPyBandits/SMPyBandits/},
    howpublished = {Online at: \url{GitHub.com/SMPyBandits/SMPyBandits}},
    note =    {Code at https://github.com/SMPyBandits/SMPyBandits/, documentation at https://smpybandits.github.io/}
}
