@article{Thompson33,
    title =        {{On the likelihood that one unknown probability exceeds another in view of the evidence of two samples}},
    author =       {W. R. Thompson},
    journal =      {{Biometrika}},
    volume =       {25},
    number =       {3/4},
    pages =        {285--294},
    year =         {1933},
    publisher =    {JSTOR}
}

@article{Robbins52,
    title =        {{Some aspects of the sequential design of experiments}},
    author =       {H. Robbins},
    journal =      {{Bulletin of the American Mathematical Society}},
    pages =        {527--535},
    volume =       {58},
    number =       {5},
    year =         {1952}
}

@article{LaiRobbins85,
    title =        {{Asymptotically efficient adaptive allocation rules}},
    author =       {Lai, Tze Leung and Robbins, Herbert},
    journal =      {{Advances in Applied Mathematics}},
    volume =       {6},
    number =       {1},
    pages =        {4--22},
    year =         {1985},
    publisher =    {Elsevier}
}

@article{Mitola99,
    title =        {{Cognitive Radio: making software radios more personal}},
    author =       {Mitola, Joseph and Maguire, Gerald Q.},
    journal =      {{IEEE Personal Communications}},
    volume =       {6},
    number =       {4},
    pages =        {13--18},
    year =         {1999},
	month =        {Aug},
    publisher =    {IEEE}
}

@article{Auer02,
    title =        {{The Non-Stochastic Multi-Armed Bandit Problem}},
    author =       {Auer, Peter and Cesa-Bianchi, Nicolo and Freund, Yoav and Schapire, Robert E},
    journal =      {{SIAM Journal on Computing}},
    volume =       {32},
    number =       {1},
    pages =        {48--77},
    year =         {2002},
    publisher =    {SIAM}
}

@Article{Aueral02,
    title =        {{Finite-Time Analysis of the Multi-Armed Bandit Problem}},
    author =       {Auer, P. and Cesa-Bianchi, N. and Fischer, P.},
    journal =      {Machine Learning},
    year =         {2002},
    number =       {2},
    pages =        {235--256},
    volume =       {47},
    publisher =    {Springer}
}

@article{Haykin05,
    title =        {{Cognitive Radio: Brain-Empowered Wireless Communications}},
    author =       {S. Haykin},
    journal =      {{IEEE Journal on Selected Areas in Communications}},
    year =         {2005},
    volume =       {23},
    number =       {2},
    pages =        {201-220},
}

@article{Zhao07,
    title =        {{A Survey of Dynamic Spectrum Access}},
    author =       {Q. Zhao and B. M. Sadler},
    journal =      {{IEEE Signal Processing magazine}},
    volume =       {24},
    number =       {3},
    pages =        {79--89},
    year =         {2007},
    publisher =    {IEEE}
}

@inproceedings{Audibert07,
    title =        {{Tuning bandit algorithms in stochastic environments}},
    author =       {Audibert, Jean-Yves and Munos, R{\'e}mi and Szepesv{\'a}ri, Csaba},
    booktitle =    {{International Conference on Algorithmic Learning Theory}},
    pages =        {150--165},
    year =         {2007},
	address =      {Sendai, Japan},
    organization = {Springer}
}

@inproceedings{Lazaric09,
    title =        {{Hybrid stochastic-adversarial on-line learning}},
    author =       {Lazaric, Alessandro and Munos, R{\'e}mi},
    booktitle =    {Conference on Learning Theory},
    year =         {2009}
}

@article{Bubeck12,
    title =        {{Regret analysis of stochastic and nonstochastic multi-armed bandit problems}},
    author =       {Bubeck, S{\'e}bastien and Cesa-Bianchi, Nicolo and others},
    journal =      {{Foundations and Trends{\textregistered} in Machine Learning}},
    volume =       {5},
    number =       {1},
    pages =        {1--122},
    year =         {2012},
    publisher =    {Now Publishers, Inc.}
}

@inproceedings{AgrawalGoyal11,
    title =        {{Analysis of Thompson sampling for the Multi-Armed Bandit problem}},
    author =       {S. Agrawal and N. Goyal},
    booktitle =    {{JMLR, Conference On Learning Theory}},
    pages =        {39--1},
    year =         {2012}
}

@inproceedings{Garivier11KL,
    title =        {{The KL-UCB Algorithm for Bounded Stochastic Bandits and Beyond}},
    author =       {A. Garivier and O. Capp{\'e}},
    booktitle =    {{COLT}},
    pages =        {359--376},
    year =         {2011}
}

@inproceedings{Kaufmann12BUCB,
    title =        {{On Bayesian Upper Confidence Bounds for Bandit Problems}},
    author =       {E. Kaufmann and O. Capp{\'e} and A. Garivier},
    booktitle =    {{AISTATS}},
    pages =        {592--600},
    year =         {2012}
}

@inbook{Kaufmann12Thompson,
    title =        {{Thompson Sampling: an Asymptotically Optimal Finite-Time Analysis}},
    author =       {E. Kaufmann and N. Korda and R. Munos},
    bookTitle =    {{Algorithmic Learning Theory}},
    year =         {2012},
    publisher =    {Springer, Berlin Heidelberg},
    pages =        {199--213},
}

@inproceedings{Jouini09,
	title =          {{Multi-Armed Bandit based policies for Cognitive Radio decision making issues}},
	author =         {Jouini, Wassim and Ernst, Damien and Moy, Christophe and Palicot, Jacques},
	booktitle =      {Signals, Circuits and Systems (SCS), 2009 3rd International Conference on},
	pages =          {1--6},
	year =           {2009},
	organization =   {IEEE}
}

@inproceedings{Jouini10,
    title =        {{Upper Confidence Bound based decision making strategies and Dynamic Spectrum Access}},
    author =       {Jouini, Wassim and Ernst, Damien and Moy, Christophe and Palicot, Jacques},
    booktitle =    {{IEEE International Conference on Communications (ICC)}},
    pages =        {1--5},
    year =         {2010},
    organization = {{IEEE}}
}

@article{Jouini12,
    title =        {{Decision Making for Cognitive Radio equipment: analysis of the first 10 years of exploration}},
    author =       {Jouini, Wassim and Moy, Christophe and Palicot, Jacques},
    journal =      {{EURASIP Journal on Wireless Communications and Networking}},
    volume =       {2012},
    number =       {1},
    pages =        {1--16},
    year =         {2012},
    publisher =    {{Springer}},
    doi =          {10.1186/1687-1499-2012-26}
}

@inproceedings{Maillard11,
    title =        {{Adaptive Bandits: Towards the best history-dependent strategy}},
    author =       {Maillard, Odalric-Ambrym and Munos, R{\'e}mi},
    booktitle =    {{AISTATS}},
    pages =        {570--578},
    year =         {2011}
}

@article{Truzzi13,
    title =        {{AdBandit: A New Algorithm For Multi-Armed Bandits}},
    author =       {Truzzi, Fl{\'a}vio Sales and da Silva, Valdinei Freire and Costa, Anna Helena Reali and Cozman, Fabio Gagliardi},
    journal =      {{ENIAC}},
    volume =       {2013},
    number =       {1},
    year =         {2013},
}

@article{Agarwal16,
    title =        {{Corralling a Band of Bandit Algorithms}},
    author =       {Agarwal, Alekh and Luo, Haipeng and Neyshabur, Behnam and Schapire, Robert E},
    journal =      {arXiv preprint arXiv:1612.06246},
    year =         {2016}
}

@article{Singla17,
    title =        {{Learning to Use Learners' Advice}},
    author =       {Singla, Adish and Hassani, Hamed and Krause, Andreas},
    journal =      {arXiv preprint arXiv:1702.04825},
    year =         {2017}
}

@article{Luo17,
    title  =       {{Efficient Contextual Bandits in Non-stationary Worlds}},
    author  =      {Luo, Haipeng and Agarwal, Alekh and Langford, John},
    journal =      {arXiv preprint arXiv:1708.01799},
    year =         {2017}
}

@misc{SMPyBandits,
    title =   {{SMPyBandits: an Open-Source Research Framework for Single and Multi-Players Multi-Arms Bandits (MAB) Algorithms in Python}},
    author =  {Lilian Besson},
    year =    {2018},
    url =     {https://github.com/SMPyBandits/SMPyBandits/},
    howpublished = {Online at: \url{GitHub.com/SMPyBandits/SMPyBandits}},
    note =    {Code at https://github.com/SMPyBandits/SMPyBandits/, documentation at https://smpybandits.github.io/}
}

@misc{USRPDocumentation,
    howpublished = {\url{http://files.ettus.com/manual/page_usrp2.html}},
    note = {Accessed: 2018-09-25},
    title = {{USRP Hardware Driver and USRP Manual}}
}

@Article{ArrowEnthoven61,
	Author        = {K. J. Arrow and A. C. Enthoven},
	Issn          = {00129682, 14680262},
	Journal       = {Econometrica},
	Number        = {4},
	Pages         = {779--800},
	Publisher     = {Wiley, Econometric Society},
	Title         = {{Quasi-Concave Programming}},
	Volume        = {29},
	Year          = {1961},
}

@Article{Auer,
	Author        = {P. Auer and N. Cesa-Bianchi and P. Fischer},
	Doi           = {10.1023/A:1013689704352},
	Issn          = {1573-0565},
	Journal       = {Machine Learning},
	Number        = {2},
	Pages         = {235--256},
	Title         = {{Finite-time Analysis of the Multi-armed Bandit Problem}},
	Volume        = {47},
	Year          = {2002},
}

@Article{Centenaro16,
	Author        = {M. Centenaro and L. Vangelista and A. Zanella and M. Zorzi},
	Doi           = {10.1109/MWC.2016.7721743},
	Issn          = {1536-1284},
	Journal       = {IEEE Wireless Communications},
	Number        = {5},
	Pages         = {60--67},
	Title         = {Long-range communications in unlicensed bands: the rising stars in the {IoT} and smart city scenarios},
	Volume        = {23},
	Year          = {2016},
}

@Article{Darak16,
	Author        = {C. Moy and J. Palicot and S. J. Darak},
	Journal       = {EAI Endorsed Transactions on Cognitive Communications},
	Title         = {{Proof-of-Concept System for Opportunistic Spectrum Access in Multi-user Decentralized Networks}},
	Volume        = {2},
	Year          = {2016},
}

@Article{Haykin,
	Author        = {S. Haykin},
	Doi           = {10.1109/JSAC.2004.839380},
	Issn          = {0733-8716},
	Journal       = {IEEE Journal on Selected Areas in Communications},
	Number        = {2},
	Pages         = {201--220},
	Title         = {{Cognitive Radio: Brain-Empowered Wireless Communications}},
	Volume        = {23},
	Year          = {2005},
}

@Article{Luenberger68,
	Author        = {D. G. Luenberger},
	Journal       = {SIAM Journal on Applied Mathematics},
	Number        = {5},
	Pages         = {1090--1095},
	Publisher     = {SIAM},
	Title         = {{Quasi-convex programming}},
	Volume        = {16},
	Year          = {1968},
}

@Article{Maghsudi17,
	Author        = {S. Maghsudi and E. Hossain},
	Doi           = {10.1109/MWC.2016.7498076},
	Issn          = {1536-1284},
	Journal       = {IEEE Wireless Communications},
	Number        = {3},
	Pages         = {64--73},
	Title         = {{Multi-Armed Bandits with application to 5G small cells}},
	Volume        = {23},
	Year          = {2016},
}

@Article{Raza17,
	Author        = {U. Raza and P. Kulkarni and M. Sooriyabandara},
	Doi           = {10.1109/COMST.2017.2652320},
	Issn          = {},
	Journal       = {IEEE Communications Surveys Tutorials},
	Number        = {2},
	Pages         = {855--873},
	Title         = {Low Power Wide Area Networks: An Overview},
	Volume        = {19},
	Year          = {2017},
}

@Article{Robbins52,
	Author        = {H. Robbins},
	Journal       = {Bulletin of the American Mathematical Society},
	Number        = {5},
	Pages         = {527--535},
	Title         = {{Some aspects of the sequential design of experiments}},
	Volume        = {58},
	Year          = {1952},
}

@Article{Zhao10,
	Author        = {K. Liu and Q. Zhao},
	Journal       = {IEEE Trans. on Signal Processing},
	Number        = {11},
	Pages         = {5667--5681},
	Publisher     = {IEEE},
	Title         = {{Distributed learning in Multi-Armed Bandit with multiple players}},
	Volume        = {58},
	Year          = {2010},
}

@Article{bubeck2012regret,
	Author        = {S. Bubeck and N. Cesa-Bianchi and others},
	Journal       = {Foundations and Trends{\textregistered} in Machine Learning},
	Number        = {1},
	Pages         = {1--122},
	Publisher     = {Now Publishers, Inc.},
	Title         = {{Regret analysis of Stochastic and Non-Stochastic Multi-Armed Bandit Problems}},
	Volume        = {5},
	Year          = {2012},
}

@InBook{Kaufmann12,
	Author        = {E. Kaufmann and N. Korda and R. Munos},
	Booktitle     = {Algorithmic Learning Theory: 23rd International Conference, ALT 2012, Lyon, France, October 29-31, 2012. Proceedings},
	Doi           = {10.1007/978-3-642-34106-9_18},
	Isbn          = {978-3-642-34106-9},
	Pages         = {199--213},
	Publisher     = {Springer, Berlin Heidelberg},
	Title         = {Thompson Sampling: an Asymptotically Optimal Finite-Time Analysis},
	Year          = {2012},
}

@InProceedings{Azari18,
	Author        = {A. Azari and C. Cavdar},
	Booktitle     = {IEEE Globecom\texttrademark{}},
	Month         = {Dec},
	Title         = {{Self-organized Low-power IoT Networks: A Distributed Learning Approach}},
	Year          = {2018},
	Address       = {Abu Dhabi, UAE}
}

@InProceedings{BessonALT18,
	Author        = {L. Besson and E. Kaufmann},
	Address       = {Lanzarote, Spain},
	Booktitle     = {{Algorithmic Learning Theory}},
	Organization  = {{Mehryar Mohri and Karthik Sridharan}},
	Title         = {{Multi-Player Bandits Revisited}},
	Url           = {https://hal.inria.fr/hal-01629733},
	Year          = {2018},
}

@InProceedings{Bonnefoi16,
	Author        = {R. Bonnefoi and C. Moy and J. Palicot},
	Booktitle     = {SmartGridComm},
	Doi           = {10.1109/SmartGridComm.2016.7778766},
	Pages         = {230--236},
	Title         = {{Advanced metering infrastructure backhaul reliability improvement with Cognitive Radio}},
	Year          = {2016},
}

@InProceedings{Bonnefoi17,
	Author        = {R. Bonnefoi and L. Besson and C. Moy and E. Kaufmann and J. Palicot},
	Booktitle     = {{12th EAI Conference on Cognitive Radio Oriented Wireless Network and Communication}},
	Series        = {CROWNCOM Proceedings},
	Address       = {Lisbon, Portugal},
	Title         = {{Multi-Armed Bandit Learning in IoT Networks: Learning helps even in non-stationary settings}},
	Year          = {2017},
}

@InProceedings{Corless96,
	Author        = {R. Corless and G. Gonnet and D. Hare and D. Jeffrey and D. Knuth},
	Booktitle     = {Advances in Computational Mathematics},
	Pages         = {329--359},
	Publisher     = {},
	Title         = {{On the Lambert $\mathcal{W}$ Function}},
	Year          = {1996},
}

@InProceedings{Jouini,
	Author        = {W. Jouini and D. Ernst and C. Moy and J. Palicot},
	Booktitle     = {2010 IEEE International Conference on Communications},
	Doi           = {10.1109/ICC.2010.5502014},
	Issn          = {1550-3607},
	Pages         = {1--5},
	Title         = {{Upper Confidence Bound Based Decision Making Strategies and Dynamic Spectrum Access}},
	Year          = {2010},
}

@InProceedings{Mitton,
	Author        = {A. Maskooki and V. Toldov and L. Clavier and V. Loscr{\'i} and N. Mitton},
	Booktitle     = {{EWSN-International Conference on Embedded Wireless Systems and Networks (dependability competition)}},
	Title         = {{Competition: Channel Exploration/Exploitation Based on a Thompson Sampling Approach in a Radio Cognitive Environment}},
	Year          = {2016},
	Month         = {Feb},
	Address       = {Graz, Austria}
}

@InProceedings{Toldov,
	Author        = {V. Toldov and L. Clavier and V. Loscr{\'i} and N. Mitton},
	Booktitle     = {PIMRC},
	Doi           = {10.1109/PIMRC.2016.7794785},
	Pages         = {1--6},
	Title         = {{A Thompson Sampling Approach To Channel Exploration Exploitation Problem In Multihop Cognitive Radio Networks}},
	Year          = {2016},
	Month         = {Sep},
	Address       = {Valencia, Spain},
}

@InProceedings{modiDemo2016,
	Address       = {Grenoble, France},
	Author        = {S. J. Darak and others},
	Booktitle     = {{CROWNCOM 2016}},
	Title         = {{Spectrum Utilization and Reconfiguration Cost Comparison of Various Decision Making Policies for Opportunistic Spectrum Access Using Real Radio Signals}},
	Year          = {2016},
}

@Misc{GNURadioCompanionDocumentation,
	Howpublished  = {\url{https://wiki.gnuradio.org/index.php/GNURadioCompanion}},
	Note          = {Accessed: 2018-09-25},
	Title         = {{GRC Documentation}},
}

@Misc{GNURadioDocumentation,
	Howpublished  = {\url{https://www.gnuradio.org/about/}},
	Note          = {Accessed: 2018-09-25},
	Title         = {{GNU Radio Documentation}},
}

@Misc{OctoclockProduct,
	Howpublished  = {\url{http://www.ettus.com/product/details/OctoClock-G}},
	Note          = {Accessed: 2018-09-25},
	Title         = {{OctoClock Clock Distribution Module with GPSDO - Ettus Research}},
}

@PhDThesis{Bodinier17,
	Addendum      = {Details about our TestBed can be found in the Appendix},
	Author        = {Q. Bodinier},
	School        = {{CentraleSup{\'e}lec}},
	Title         = {{Coexistence of Communication Systems Based on Enhanced Multi-Carrier Waveforms with Legacy OFDM Networks}},
	Url           = {https://www.theses.fr/2017REN1S091},
	Year          = {2017},
}

@Book{BoydVanderberghe04,
	Author        = {S. Boyd and L. Vandenberghe},
	Publisher     = {{Cambridge Univ. Press}},
	Title         = {{Convex Optimization}},
	Year          = {2004},
}

@Article{Bonnefoi18,
	author        = {R. Bonnefoi and C. Moy and J. Palicot},
	title         = {{Improvement of the LPWAN AMI backhaul's latency thanks to reinforcement learning algorithms}},
	journal       = {EURASIP Journal on Wireless Communications and Networking},
	year          = {2018},
	volume        = {2018},
	number        = {1},
	pages         = {34},
	issn          = {1687-1499},
	doi           = {10.1186/s13638-018-1044-2},
}

@inproceedings{Abramson1970,
	author        = {N. Abramson},
	title         = {{The ALOHA System: Another Alternative for Computer Communications}},
	booktitle     = {Proceedings of the November 17-19, 1970, Fall Joint Computer Conference},
	series        = {AFIPS '70 (Fall)},
	year          = {1970},
	location      = {Houston, Texas},
	pages         = {281--285},
	numpages      = {5},
	url           = {http://doi.acm.org/10.1145/1478462.1478502},
	doi           = {10.1145/1478462.1478502},
	acmid         = {1478502},
	publisher     = {ACM},
	address       = {New York, NY, USA},
}

@book{Norris98,
	title         = {{Markov Chains}},
	volume        = {2},
	series        = {Cambridge Series in Statistical and Probabilistic Mathematics},
	author        = {J. R. Norris},
	year          = {1998},
	publisher     = {Cambridge University Press, Cambridge}
}

@inproceedings{Garivier08,
    title         = {{On upper-confidence bound policies for switching bandit problems}},
	author        = {A. Garivier and E. Moulines},
    booktitle     = {{International Conference on Algorithmic Learning Theory}},
    pages         = {174--188},
    year          = {2011},
    organization  = {Springer}
}

@inproceedings{CaoZhenKvetonXie18,
    title =        {{Nearly Optimal Adaptive Procedure for Piecewise-Stationary Bandit: a Change-Point Detection Approach}},
    author =       {Y. Cao and W. Zheng and B. Kveton and Y. Xie},
    booktitle =    {AISTATS},
    url =          {https://arxiv.org/abs/1802.03692},
    address =      {Okinawa, Japan},
    year =         {2019}
}

@article{BoursierPerchet18,
	title =        {{SIC-MMAB: Synchronisation Involves Communication in Multiplayer Multi-Armed Bandits}},
	author =       {E. Boursier and V. Perchet},
	journal =      {arXiv preprint arXiv:1809.08151},
	year =         {2018}
}

@unpublished{Besson2018ICT,
	title =        {{Multi-Arm Bandit Algorithms for Internet of Things Networks: A TestBed Implementation and Demonstration that Learning Helps}},
	author =       {L. Besson and R. Bonnefoi and C. Moy},
    note =         {Demonstration presented at International Conference on Telecommunications (ICT)},
    url =          {ict-2018.org/demos, youtu.be/HospLNQhcMk},
    year =         {2018},
	month =        {June},
	address =      {Saint-Malo, France},
}

@inproceedings{Besson2019WCNC,
	title =        {{MALIN: an Implementation of Multi-Armed Bandits Learning Schemes for Internet-of-things Networks}},
	author =       {L. Besson and R. Bonnefoi and C. Moy},
	booktitle =    {{2019 IEEE Wireless Communications and Networking Conference (WCNC) (IEEE WCNC 2019)}},
    year =         {2019},
	month =        {April},
	address =      {Marrakech, Morocco},
    note =         {Following a Demonstration presented at International Conference on Telecommunications (ICT)},
}

@article{kumar2017channel,
	title =        {{Channel Selection for Secondary Users in Decentralized Network of Unknown Size}},
	author =       {R. Kumar and S. J. Darak and A. Yadav and A. K. Sharma and R. K. Tripathi},
	journal =      {IEEE Communications Letters},
	volume =       {21},
	number =       {10},
	pages =        {2186--2189},
	year =         {2017},
	publisher =    {IEEE}
}

@article{kumar2016two,
	title =       {{Two-stage decision making policy for opportunistic spectrum access and validation on USRP testbed}},
	author =      {R. Kumar and S. J. Darak and A. Yadav and A. K. Sharma and R. K. Tripathi},
	journal =     {Wireless Networks},
	pages =       {1--15},
	year =        {2016},
	publisher =   {Springer}
}

@inproceedings{Yang12,
	author={X. Yang and A. Fapojuwo and E. Egbogah},
	booktitle={2012 IEEE Vehicular Technology Conference (VTC Fall)},
	title={Performance Analysis and Parameter Optimization of Random Access Backoff Algorithm in LTE},
	year={2012},
	volume={},
	number={},
	pages={1-5},
	keywords={Long Term Evolution;performance analysis;parameter optimization;random access backoff algorithm;LTE;long term evolution;drop probability;medium access delay;optimal backoff parameter settings;physical loss probability;optimal backoff window size;Delay;Telecommunication traffic;Algorithm design and analysis;Throughput;Analytical models;Standards;Propagation losses},
	doi={10.1109/VTCFall.2012.6399192},
	ISSN={1090-3038},
	month={Sep.},
}

@article{Roberts75,
	author = {Roberts, Lawrence G.},
	title = {ALOHA Packet System with and Without Slots and Capture},
	journal = {SIGCOMM Comput. Commun. Rev.},
	issue_date = {April 1975},
	volume = {5},
	number = {2},
	month = apr,
	year = {1975},
	issn = {0146-4833},
	pages = {28--42},
	numpages = {15},
	url = {http://doi.acm.org/10.1145/1024916.1024920},
	doi = {10.1145/1024916.1024920},
	acmid = {1024920},
	publisher = {ACM},
	address = {New York, NY, USA},
}

@unpublished{Besson2019COLT,
	title =        {{Combining the Generalized Likelihood Ratio Test and kl-UCB for Non-Stationary Bandits}},
	author =       {E. Kaufmann and L. Besson},
    note =         {Working paper},
    url =          {https://SMPyBandits.GitHub.io/NonStationary.html},
    year =         {2019},
	month =        {February},
}